<record><leader>00000cas a22000007a 4500</leader><controlfield tag="001">11224567</controlfield><controlfield tag="008">841003u1956uuuucouwr ne      0    0eng d</controlfield><datafield ind1=" " ind2=" " tag="010"><subfield code="a">sn 90051080 </subfield></datafield><datafield ind1=" " ind2=" " tag="040"><subfield code="a">COG</subfield><subfield code="b">eng</subfield><subfield code="c">COG</subfield><subfield code="d">CNQ</subfield><subfield code="d">OCL</subfield><subfield code="d">OCLCQ</subfield><subfield code="d">COD</subfield></datafield><datafield ind1=" " ind2=" " tag="019"><subfield code="a">22608440</subfield></datafield><datafield ind1=" " ind2=" " tag="042"><subfield code="a">msc</subfield></datafield><datafield ind1="0" ind2="4" tag="245"><subfield code="a">The Rangely times.</subfield></datafield><datafield ind1=" " ind2=" " tag="260"><subfield code="a">Rangely, Colo. :</subfield><subfield code="b">Rangely Print. Co.</subfield></datafield><datafield ind1=" " ind2=" " tag="300"><subfield code="a">v.</subfield></datafield><datafield ind1=" " ind2=" " tag="310"><subfield code="a">Weekly</subfield></datafield><datafield ind1="0" ind2=" " tag="362"><subfield code="a">Vol. 6, no. 38 (Jan. 5, 1956)-</subfield></datafield><datafield ind1=" " ind2=" " tag="500"><subfield code="a">Published as: Rangely times formerly the Rangely driller, Jan. 5-Feb. 23, 1956.</subfield></datafield><datafield ind1=" " ind2=" " tag="515"><subfield code="a">Vol. 8 repeated twice in numbering; issues for 1958-1960 all called vol. 8.</subfield></datafield><datafield ind1=" " ind2=" " tag="530"><subfield code="a">Available on microfilm from the Colorado Historical Society.</subfield></datafield><datafield ind1=" " ind2=" " tag="752"><subfield code="a">United States</subfield><subfield code="b">Colorado</subfield><subfield code="c">Rio Blanco</subfield><subfield code="d">Rangely.</subfield></datafield><datafield ind1="0" ind2="0" tag="780"><subfield code="t">Rangely driller</subfield><subfield code="w">(DLC)sn 90051883</subfield></datafield></record>